<record><leader>00000cas a22000007a 4500</leader><controlfield tag="001">1756901</controlfield><controlfield tag="008">751101d18771908mnuwr ne      0    0eng d</controlfield><datafield ind1=" " ind2=" " tag="010"><subfield code="a">sn 89064808 </subfield></datafield><datafield ind1=" " ind2=" " tag="040"><subfield code="a">MUL</subfield><subfield code="b">eng</subfield><subfield code="c">MUL</subfield><subfield code="d">MN#</subfield><subfield code="d">OCLCQ</subfield><subfield code="d">OCLCF</subfield><subfield code="d">OCLCO</subfield></datafield><datafield ind1="1" ind2=" " tag="029"><subfield code="a">AU@</subfield><subfield code="b">000040178375</subfield></datafield><datafield ind1=" " ind2=" " tag="042"><subfield code="a">msc</subfield></datafield><datafield ind1=" " ind2=" " tag="043"><subfield code="a">n-us-mn</subfield></datafield><datafield ind1=" " ind2=" " tag="052"><subfield code="a">4144</subfield><subfield code="b">M42</subfield></datafield><datafield ind1=" " ind2=" " tag="052"><subfield code="a">4143</subfield><subfield code="b">W2</subfield></datafield><datafield ind1="0" ind2="0" tag="245"><subfield code="a">Mazeppa tribune.</subfield></datafield><datafield ind1=" " ind2=" " tag="260"><subfield code="a">Mazeppa, Minn. :</subfield><subfield code="b">A.J. Myers,</subfield><subfield code="c">-1908.</subfield></datafield><datafield ind1=" " ind2=" " tag="300"><subfield code="a">v.</subfield></datafield><datafield ind1=" " ind2=" " tag="310"><subfield code="a">Weekly</subfield></datafield><datafield ind1="1" ind2=" " tag="362"><subfield code="a">Began Nov. 3, 1877.</subfield></datafield><datafield ind1="0" ind2=" " tag="362"><subfield code="a">-v. 32, no. 30 (June 17, 1908).</subfield></datafield><datafield ind1=" " ind2=" " tag="530"><subfield code="a">Available on microfilm from the Minnesota Historical Society.</subfield></datafield><datafield ind1=" " ind2=" " tag="588"><subfield code="a">Description based on: Vol. 10, no. 5 (Feb. 4, 1887).</subfield></datafield><datafield ind1=" " ind2="0" tag="651"><subfield code="a">Mazeppa (Minn.)</subfield><subfield code="v">Newspapers.</subfield></datafield><datafield ind1=" " ind2="7" tag="655"><subfield code="a">Newspapers.</subfield><subfield code="2">fast</subfield><subfield code="0">(OCoLC)fst01423814</subfield></datafield><datafield ind1=" " ind2="7" tag="651"><subfield code="a">Minnesota</subfield><subfield code="z">Mazeppa.</subfield><subfield code="2">fast</subfield><subfield code="0">(OCoLC)fst01216190</subfield></datafield><datafield ind1=" " ind2=" " tag="752"><subfield code="a">United States</subfield><subfield code="b">Minnesota</subfield><subfield code="c">Wabasha</subfield><subfield code="d">Mazeppa.</subfield></datafield><datafield ind1="0" ind2="4" tag="785"><subfield code="t">Mazeppa journal</subfield><subfield code="w">(DLC)sn 89064807</subfield></datafield></record>